<?xml version="1.0" encoding="UTF-8"?><collection xmlns="http://www.loc.gov/MARC21/slim"><record><leader>00423nam--2200133-i-4500</leader><controlfield tag="001">000033365</controlfield><controlfield tag="002">20161230</controlfield><controlfield tag="005">20161230201039</controlfield><controlfield tag="008">060222s1000------------r-----000-0-eng-d</controlfield><datafield ind1=" " ind2=" " tag="080"><subfield code="a">621.316.9(043)</subfield></datafield><datafield ind1=" " ind2=" " tag="100"><subfield code="a">Montalvao, Edmundo</subfield></datafield><datafield ind1=" " ind2=" " tag="245"><subfield code="a">Contribution theorique a l`etude d`une protection differentielle d`onde pour les reseaux a tres haute tension. these</subfield></datafield><datafield ind1=" " ind2=" " tag="260"><subfield code="a">Orsay, Univ.De Paris-sud, 1983, 125p</subfield></datafield><datafield ind1=" " ind2=" " tag="852"><subfield code="a">72445</subfield></datafield></record></collection>